<?xml version="1.0" encoding="UTF-8"?><collection xmlns="http://www.loc.gov/MARC21/slim"><record><leader>00659nam--2200217-i-4500</leader><controlfield tag="001">000028001</controlfield><controlfield tag="002">20161230</controlfield><controlfield tag="005">20161230201037</controlfield><controlfield tag="008">060222s1000------------r-----000-0-rum-d</controlfield><datafield ind1=" " ind2=" " tag="040"><subfield code="a">IFIN-HH</subfield></datafield><datafield ind1=" " ind2=" " tag="041"><subfield code="a">rum</subfield></datafield><datafield ind1=" " ind2=" " tag="080"><subfield code="a">517.97</subfield></datafield><datafield ind1="1" ind2=" " tag="100"><subfield code="a">Lavrentiev, M.A</subfield></datafield><datafield ind1="1" ind2="0" tag="245"><subfield code="a">Curs de calcul variational</subfield><subfield code="b">Traducere din limba rusa</subfield><subfield code="c">M.a. lavrentiev, l.a. liusternik</subfield></datafield><datafield ind1=" " ind2=" " tag="260"><subfield code="a">Bucuresti</subfield><subfield code="b">Editura Tehnica</subfield><subfield code="c">1955</subfield></datafield><datafield ind1=" " ind2=" " tag="300"><subfield code="a">268P</subfield></datafield><datafield ind1=" " ind2=" " tag="490"><subfield code="a">Biblioteca Tehnico-stiintifica Seria Matematici</subfield></datafield><datafield ind1=" " ind2=" " tag="500"><subfield code="a">Titlul Original In Limba Rusa: Kurs Variationnogo Iscilenia</subfield></datafield><datafield ind1="1" ind2=" " tag="700"><subfield code="a">Liusternik, L.A</subfield></datafield><datafield ind1=" " ind2=" " tag="852"><subfield code="a">3966</subfield><subfield code="c">519.3</subfield></datafield><datafield ind1=" " ind2=" " tag="CAT"><subfield code="a">Sys</subfield><subfield code="c">20130808</subfield><subfield code="h">144526</subfield></datafield></record></collection>